<?xml version="1.0" encoding="UTF-8" ?>
<collection xmlns:xsi="http://www.w3.org/2001/XMLSchema-instance"
    xsi:schemaLocation="http://www.loc.gov/MARC21/slim
        http://www.loc.gov/standards/marcxml/schema/MARC21slim.xsd"
    xmlns="http://www.loc.gov/MARC21/slim">
<record>
  <leader>00247cam a2200469 i 4500</leader>
  <controlfield tag="001">b13246793</controlfield>
  <controlfield tag="003">LeBAU</controlfield>
  <controlfield tag="005">20170210</controlfield>
  <controlfield tag="008">020326s1910    sy       b    ||0 0 ara d</controlfield>
  <datafield tag="035" ind1=" " ind2=" ">
    <subfield code="a">ocn784543946</subfield>
  </datafield>
  <datafield tag="040" ind1=" " ind2=" ">
    <subfield code="a">LEAUB</subfield>
    <subfield code="b">ara</subfield>
    <subfield code="e">rda</subfield>
    <subfield code="c">LEAUB</subfield>
    <subfield code="d">LEAUB</subfield>
  </datafield>
  <datafield tag="082" ind1="0" ind2="4">
    <subfield code="a">297.3</subfield>
    <subfield code="2">22</subfield>
  </datafield>
  <datafield tag="100" ind1="1" ind2=" ">
    <subfield code="6">880-01</subfield>
    <subfield code="a">Qāsimī, Jamāl al-Dīn,</subfield>
    <subfield code="d">1866-1914,</subfield>
    <subfield code="e">author.</subfield>
  </datafield>
  <datafield tag="245" ind1="1" ind2="0">
    <subfield code="6">880-02</subfield>
    <subfield code="a">Kitāb naqd al-Naṣāʼiḥ al-kāfiyah /</subfield>
    <subfield code="c">ta’līf al-ustādh al-‘allāmah al-Shaykh Jamāl al-Dīn al-Qāsimī al-Dimashqī.</subfield>
  </datafield>
  <datafield tag="246" ind1="3" ind2="0">
    <subfield code="6">880-03</subfield>
    <subfield code="a">Naqd al-Naṣāʼiḥ al-kāfiyah</subfield>
  </datafield>
  <datafield tag="264" ind1=" " ind2="1">
    <subfield code="6">880-04</subfield>
    <subfield code="a">Dimashq :</subfield>
    <subfield code="b">Maṭbaʻat al-Fayḥāʼ,</subfield>
    <subfield code="c">1328 [H.], [1910? M.]</subfield>
  </datafield>
  <datafield tag="300" ind1=" " ind2=" ">
    <subfield code="6">880-05</subfield>
    <subfield code="a">48 pages ;</subfield>
    <subfield code="c">19 cm</subfield>
  </datafield>
  <datafield tag="336" ind1=" " ind2=" ">
    <subfield code="a">text</subfield>
    <subfield code="b">txt</subfield>
    <subfield code="2">rdacontent</subfield>
  </datafield>
  <datafield tag="337" ind1=" " ind2=" ">
    <subfield code="a">unmediated</subfield>
    <subfield code="b">n</subfield>
    <subfield code="2">rdamedia</subfield>
  </datafield>
  <datafield tag="338" ind1=" " ind2=" ">
    <subfield code="a">volume</subfield>
    <subfield code="b">nc</subfield>
    <subfield code="2">rdacarrier</subfield>
  </datafield>
  <datafield tag="500" ind1=" " ind2=" ">
    <subfield code="a">"يشتمل الكتاب على تعديل معوية وقبول مروية ومروي الصحابة الذين كانوا معه وبيان الإعتدال والإنصاف في هذا الباب كما هو مذهب الشيخين البخاري ومسلم وسائر المحدثين والظاهرية وبقية الأئمة وفلاسفة الإسلام."</subfield>
  </datafield>
  <datafield tag="500" ind1=" " ind2=" ">
    <subfield code="a">"طبع على نفقة الشيخ عبد العزيز المحمد البسام والأفندي محمد ابن حسين نصيف، من تجار جده (الحجاز)"</subfield>
  </datafield>
  <datafield tag="504" ind1=" " ind2=" ">
    <subfield code="a">يتضمن مراجع ببليوغرافية.</subfield>
  </datafield>
  <datafield tag="600" ind1="0" ind2="4">
    <subfield code="a">إبن عقيل، محمد،</subfield>
    <subfield code="d">1862 او 1863-1931 او 1932.</subfield>
    <subfield code="t">النصائح الكافية لمن يتولى معاوية.</subfield>
  </datafield>
  <datafield tag="600" ind1="0" ind2="4">
    <subfield code="a">معاوية بن أبي سفيان</subfield>
    <subfield code="c">الخليفة،</subfield>
    <subfield code="d">-680.</subfield>
  </datafield>
  <datafield tag="600" ind1="1" ind2="0">
    <subfield code="a">Ibn ʻAqīl, Muḥammad,</subfield>
    <subfield code="d">1862 or 1863-1931 or 1932.</subfield>
    <subfield code="t">Naṣāʼiḥ al-kāfiyah li-man yatawallá Muʻāwiyah.</subfield>
  </datafield>
  <datafield tag="600" ind1="0" ind2="0">
    <subfield code="a">Muʻāwiyah ibn Abī Sufyān,</subfield>
    <subfield code="c">Caliph,</subfield>
    <subfield code="d">-680.</subfield>
  </datafield>
  <datafield tag="650" ind1=" " ind2="4">
    <subfield code="a">الخلفاء</subfield>
    <subfield code="v">تراجم.</subfield>
  </datafield>
  <datafield tag="650" ind1=" " ind2="0">
    <subfield code="a">Caliphs</subfield>
    <subfield code="v">Biography.</subfield>
  </datafield>
  <datafield tag="651" ind1=" " ind2="4">
    <subfield code="a">الامبراطورية الاسلامية</subfield>
    <subfield code="x">تاريخ</subfield>
    <subfield code="y">661-750.</subfield>
  </datafield>
  <datafield tag="651" ind1=" " ind2="0">
    <subfield code="a">Islamic Empire</subfield>
    <subfield code="x">History</subfield>
    <subfield code="y">661-750.</subfield>
  </datafield>
  <datafield tag="852" ind1=" " ind2=" ">
    <subfield code="a">Jafet Library</subfield>
    <subfield code="e">American University of Beirut, Bliss Street , Beirut, Lebanon.</subfield>
  </datafield>
  <datafield tag="880" ind1="1" ind2=" ">
    <subfield code="6">100-01/(3/r</subfield>
    <subfield code="a">القاسمي، جمال الدين،</subfield>
    <subfield code="d">1866-1914،</subfield>
    <subfield code="e">مؤلف. </subfield>
    <subfield code="4">aut.</subfield>
  </datafield>
  <datafield tag="880" ind1="1" ind2="0">
    <subfield code="6">245-02/(3/r</subfield>
    <subfield code="a">كتاب نقد النصائح الكافية /</subfield>
    <subfield code="c">تأليف الأستاذ العلامة الشيخ جمال الدين القاسمي الدمشقي.</subfield>
  </datafield>
  <datafield tag="880" ind1="3" ind2="0">
    <subfield code="6">246-03/(3/r</subfield>
    <subfield code="a">نقد النصائح الكافية</subfield>
  </datafield>
  <datafield tag="880" ind1=" " ind2="1">
    <subfield code="6">264-04/(3/r</subfield>
    <subfield code="a">دمشق :</subfield>
    <subfield code="b">مطبعة الفيحاء،</subfield>
    <subfield code="c">1328 [هـ.]، [1910؟ م.]</subfield>
  </datafield>
  <datafield tag="880" ind1=" " ind2=" ">
    <subfield code="6">300-05/(3/r</subfield>
    <subfield code="a">48 صفحة ؛</subfield>
    <subfield code="c">19 سم</subfield>
  </datafield>
  <datafield tag="907" ind1=" " ind2=" ">
    <subfield code="a">.b13246793</subfield>
    <subfield code="b">17-02-17</subfield>
    <subfield code="c">11-05-24</subfield>
  </datafield>
  <datafield tag="907" ind1=" " ind2=" ">
    <subfield code="a">.b13246793</subfield>
    <subfield code="b">11-10-11</subfield>
    <subfield code="c">11-05-24</subfield>
  </datafield>
  <datafield tag="945" ind1=" " ind2=" ">
    <subfield code="f">J</subfield>
    <subfield code="a">297.3:K191nA:c.1</subfield>
    <subfield code="g">1</subfield>
    <subfield code="i">01008537</subfield>
    <subfield code="j">.i13911569</subfield>
    <subfield code="l">u0503</subfield>
  </datafield>
  <datafield tag="945" ind1=" " ind2=" ">
    <subfield code="f">J</subfield>
    <subfield code="a">297.3:K191nA:c.2</subfield>
    <subfield code="g">1</subfield>
    <subfield code="i">01008538</subfield>
    <subfield code="j">.i13911570</subfield>
    <subfield code="l">u0503</subfield>
  </datafield>
  <datafield tag="998" ind1=" " ind2=" ">
    <subfield code="a">u05</subfield>
    <subfield code="b">02-03-26</subfield>
    <subfield code="c">m</subfield>
    <subfield code="d">a</subfield>
    <subfield code="e">-</subfield>
    <subfield code="f">ara</subfield>
    <subfield code="g">sy </subfield>
    <subfield code="h">0</subfield>
    <subfield code="i">2</subfield>
  </datafield>
</record>
</collection>
